<?xml version="1.0" encoding="UTF-8"?><collection xmlns="http://www.loc.gov/MARC21/slim"><record><leader>00693nam--2200181-i-4500</leader><controlfield tag="001">000011332</controlfield><controlfield tag="002">20161230</controlfield><controlfield tag="005">20161230201029</controlfield><controlfield tag="008">060222s1000------------r-----000-0-eng-d</controlfield><datafield ind1=" " ind2=" " tag="040"><subfield code="a">IFIN-HH</subfield></datafield><datafield ind1=" " ind2=" " tag="080"><subfield code="a">539.126(061.3):539.12.162.8(061.3)</subfield></datafield><datafield ind1="1" ind2=" " tag="100"><subfield code="a">Dalitz, R.H</subfield></datafield><datafield ind1="1" ind2="0" tag="245"><subfield code="a">Meson resonances and related electromagnetic phenomena</subfield><subfield code="b">Proceedings of the first international conference organized by the high energy and particle physics division of the eps ar bologna, 14-16 april 1971</subfield><subfield code="c">R.h. dalitz, a. zichichi (eds.)</subfield></datafield><datafield ind1=" " ind2=" " tag="260"><subfield code="a">Bologna</subfield><subfield code="b">Editrice Compositori Publishers</subfield><subfield code="c">1972</subfield></datafield><datafield ind1=" " ind2=" " tag="300"><subfield code="a">XV+624P</subfield></datafield><datafield ind1="1" ind2=" " tag="700"><subfield code="a">Zichichi, A</subfield><subfield code="e">Ed</subfield></datafield><datafield ind1=" " ind2=" " tag="852"><subfield code="a">40212</subfield><subfield code="c">539.12</subfield></datafield><datafield ind1=" " ind2=" " tag="CAT"><subfield code="a">Sys</subfield><subfield code="c">20111123</subfield><subfield code="h">133902</subfield></datafield></record></collection>